% Encoding: UTF-8

@Article{knuth:1984,
  author  = {Donald E. Knuth},
  title   = {Literate Programming},
  journal = {The Computer Journal},
  year    = {1984},
  date    = {1984-01-01},
  number  = {27},
  issue   = {2},
  pages   = {97--111},
  doi     = {https://doi.org/10.1093/comjnl/27.2.97},
}

@Book{knuth:1998,
  author         = {Donald E. Knuth},
  title          = {The Art of Computer Programming},
  publisher      = {Addison-Wesley Longman Publishing Co., Inc.},
  volume         = {1--3},
  address        = {Boston, MA, USA},
  year           = {1998}
}

@Book{lamport:1994,
	author    = {Lamport, Leslie},
	title     = {\LaTeX: A Document Preparation System},
	year      = {1994},
	isbn      = {0-021-52983-1},
	publisher = {Addison-Wesley Longman Publishing Co., Inc.}
}


@Comment{jabref-meta: databaseType:biblatex;}
